% Encoding: UTF-8

@misc{ wiki:ew,
  year      = {2020},
  title     = {Electronic Warfare --- {W}ikipedia{,} The Free Encyclopedia},
  note      = {[Online; http://en.wikipedia.org/wiki/Electronic\_warfare]},}
  
@book{radarsys,
  title     = {Sistemi Radar},
  publisher = {TexMat},
  year      = {2009},
  author    = {G. Galati, G. Pavan},}
  
@article{ewsys,
  author={Anthony E. Spezio},
  journal={IEEE TRANSACTIONS ON MICROWAVE THEORY AND TECHNIQUES}, 
  title={Electronic Warfare Systems}, 
  year={2002},
  volume={50},
  number={3},
  pages={633-644},}

@article{gnssgbasattack,
  author={ALHOSBAN, AHMAD},
  journal={Hadmernok}, 
  title={ELECTRONIC WARFARE IN NAVWAR: IMPACT OF ELECTRONIC ATTACKS ON GNSS / GBAS APPROACH SERVICE TYPES C AND D LANDING SYSTEMS AND THEIR PROPOSED ELECTRONIC PROTECTION MEASURES (EPM)}, 
  year={2019},
  volume={2},
      number={14},
  pages={238-255},}
  
@conference{emp1,
  author={Viren Pereira, Prof. G. R. Kunkolienkar},
  title={EMP (Electro-Magnetic Pulse) Weapon Technology along with EMP Shielding \& Detection Methodology}, 
  year={2013},
  month={50},
  address={Tiruchengode, India},}
  
@conference{emp2,
  author={Clay Wilson},
  title={High Altitude Electromagnetic Pulse (HEMP) and High Power Microwave (HPM) Devices: Threat Assessments}, 
  year={2008},
  month={07},
  address={USA},}  
  
@article{uavswarm,
  author={Polat Cevik, Ibrahim Kocaman},
  journal={J Intell Robot Syst}, 
  title={The Small and Silent Force Multiplier: A Swarm UAV}, 
  year={2013},
  volume={70},
  pages={575-608},}  

@article{bittransfer,
  author={Savio sciancalepore, Roberto Di Pietro},
  journal={IEEE Access}, 
  title={Bittransfer: Mitigating Reactive Jamming in Electronic Warfare Scenarios}, 
  year={2019},
  volume={7},
  pages={156177-156190},}  

@article{cognitiveradar,
  author={Q. Jeannette O. Tan, Ric A. Romero},
  journal={IEEE ACCESS}, 
  title={Jammer-Nulling Transmit-Adaptive Radar Against Knowledge-Based Jammers in Electronic Warfare}, 
  year={2019},
  volume={7},
  pages={181899-181915},}

  
